@article{park2015development,
  title={Development of the Learning Analytics Dashboard to Support Students' Learning Performance.},
  author={Park, Yeonjeong and Jo, Il-Hyun},
  journal={J. Univers. Comput. Sci.},
  volume={21},
  number={1},
  pages={110--133},
  year={2015}
}
