@book{lang2017handbook,
  title={Handbook of learning analytics},
  author={Lang, Charles and Siemens, George and Wise, Alyssa and Gasevic, Dragan},
  year={2017},
  publisher={SOLAR, Society for Learning Analytics and Research New York}
}