@book{byron2012usingdrupal,
  title={Using drupal},
  author={Byron, Angela and Berry, Addison and De Bondt, Bruno},
  year={2012},
  publisher={" O'Reilly Media, Inc."}
}
