@book{lang2017handbook,
  title={Handbook of learning analytics},
  author={Lang, Charles and Siemens, George and Wise, Alyssa and Gasevic, Dragan},
  year={2017},
  publisher={SOLAR, Society for Learning Analytics and Research New York}
}

@techreport{Kitchenham:2007,
  title={Guidelines for performing systematic literature reviews in software engineering},
  author={Kitchenham, Barbara},
  year={2007},
  institution={School of Computer Science and Mathematics of Keele University}
}